<?xml version="1.0" encoding="UTF-8"?><collection xmlns="http://www.loc.gov/MARC21/slim"><record><leader>00598nam--2200169-i-4500</leader><controlfield tag="001">000032711</controlfield><controlfield tag="002">20161230</controlfield><controlfield tag="005">20161230201039</controlfield><controlfield tag="008">060222s1000------------r-----000-0-eng-d</controlfield><datafield ind1=" " ind2=" " tag="040"><subfield code="a">IFIN-HH</subfield></datafield><datafield ind1=" " ind2=" " tag="080"><subfield code="a">539.12.162.8(047.3)</subfield></datafield><datafield ind1="1" ind2=" " tag="100"><subfield code="a">Meijer, Rudolf Walter</subfield></datafield><datafield ind1="1" ind2="0" tag="245"><subfield code="a">Experimental determination of the real part of the k-p forward elastic scattering amplitude at 14.3 gev/c and an analysis of dispersion reletion calculations</subfield><subfield code="b">These</subfield><subfield code="c">Rudolf walter meijer</subfield></datafield><datafield ind1=" " ind2=" " tag="260"><subfield code="a">Amsterdam</subfield><subfield code="b">Universiteit Van Amsterdam</subfield><subfield code="c">1973</subfield></datafield><datafield ind1=" " ind2=" " tag="300"><subfield code="a">78P</subfield></datafield><datafield ind1=" " ind2=" " tag="852"><subfield code="a">49762</subfield><subfield code="c">539.12</subfield></datafield><datafield ind1=" " ind2=" " tag="CAT"><subfield code="a">Sys</subfield><subfield code="c">20111208</subfield><subfield code="h">132959</subfield></datafield></record></collection>